@article{ouyang2022training,
  title={Training language models to follow instructions with human feedback},
  author={Ouyang, Long and Wu, Jeffrey and Jiang, Xu and Almeida, Diogo and Wainwright, Carroll and Mishkin, Pamela and Zhang, Chong and Agarwal, Sandhini and Slama, Katarina and Ray, Alex and others},
  journal={Advances in neural information processing systems},
  volume={35},
  pages={27730--27744},
  year={2022}
}

@article{ahmadian2024back,
  title={Back to basics: Revisiting reinforce style optimization for learning from human feedback in llms},
  author={Ahmadian, Arash and Cremer, Chris and Gall{\'e}, Matthias and Fadaee, Marzieh and Kreutzer, Julia and Pietquin, Olivier and {\"U}st{\"u}n, Ahmet and Hooker, Sara},
  journal={arXiv preprint arXiv:2402.14740},
  year={2024}
}

@article{dong2023abilities,
  title={How abilities in large language models are affected by supervised fine-tuning data composition},
  author={Dong, Guanting and Yuan, Hongyi and Lu, Keming and Li, Chengpeng and Xue, Mingfeng and Liu, Dayiheng and Wang, Wei and Yuan, Zheng and Zhou, Chang and Zhou, Jingren},
  journal={arXiv preprint arXiv:2310.05492},
  year={2023}
}

@article{kool2019buy,
  title={Buy 4 reinforce samples, get a baseline for free!},
  author={Kool, Wouter and van Hoof, Herke and Welling, Max},
  year={2019}
}

@online{huang2024putting,
  author    = {Shengyi Costa Huang and Arash Ahmadian},
  title     = {Putting RL back in RLHF},
  year      = {2024},
  url       = {https://huggingface.co/blog/putting_rl_back_in_rlhf_with_rloo},
}

@inproceedings{zhu2024hot,
  title={Hot or cold? adaptive temperature sampling for code generation with large language models},
  author={Zhu, Yuqi and Li, Jia and Li, Ge and Zhao, YunFei and Jin, Zhi and Mei, Hong},
  booktitle={Proceedings of the AAAI Conference on Artificial Intelligence},
  volume={38},
  number={1},
  pages={437--445},
  year={2024}
}

@inproceedings{renze2024effect,
  title={The effect of sampling temperature on problem solving in large language models},
  author={Renze, Matthew},
  booktitle={Findings of the Association for Computational Linguistics: EMNLP 2024},
  pages={7346--7356},
  year={2024}
}

@inproceedings{ng1999policy,
  title={Policy invariance under reward transformations: Theory and application to reward shaping},
  author={Ng, Andrew Y and Harada, Daishi and Russell, Stuart},
  booktitle={Icml},
  volume={99},
  pages={278--287},
  year={1999},
  organization={Citeseer}
}

@inproceedings{bengio2009curriculum,
  title={Curriculum learning},
  author={Bengio, Yoshua and Louradour, J{\'e}r{\^o}me and Collobert, Ronan and Weston, Jason},
  booktitle={Proceedings of the 26th annual international conference on machine learning},
  pages={41--48},
  year={2009}
}

@article{bellemare2016unifying,
  title={Unifying count-based exploration and intrinsic motivation},
  author={Bellemare, Marc and Srinivasan, Sriram and Ostrovski, Georg and Schaul, Tom and Saxton, David and Munos, Remi},
  journal={Advances in neural information processing systems},
  volume={29},
  year={2016}
}

@inproceedings{lightman2023let,
  title={Let's verify step by step},
  author={Lightman, Hunter and Kosaraju, Vineet and Burda, Yuri and Edwards, Harrison and Baker, Bowen and Lee, Teddy and Leike, Jan and Schulman, John and Sutskever, Ilya and Cobbe, Karl},
  booktitle={The Twelfth International Conference on Learning Representations},
  year={2023}
}

@article{chen2024self,
  title={Self-play fine-tuning converts weak language models to strong language models},
  author={Chen, Zixiang and Deng, Yihe and Yuan, Huizhuo and Ji, Kaixuan and Gu, Quanquan},
  journal={arXiv preprint arXiv:2401.01335},
  year={2024}
}

@article{graves2013generating,
  title={Generating sequences with recurrent neural networks},
  author={Graves, Alex},
  journal={arXiv preprint arXiv:1308.0850},
  year={2013}
}

@article{yang2025qwen3,
  title={Qwen3 technical report},
  author={Yang, An and Li, Anfeng and Yang, Baosong and Zhang, Beichen and Hui, Binyuan and Zheng, Bo and Yu, Bowen and Gao, Chang and Huang, Chengen and Lv, Chenxu and others},
  journal={arXiv preprint arXiv:2505.09388},
  year={2025}
}

@article{gandhi2025cognitive,
  title={Cognitive behaviors that enable self-improving reasoners, or, four habits of highly effective stars},
  author={Gandhi, Kanishk and Chakravarthy, Ayush and Singh, Anikait and Lile, Nathan and Goodman, Noah D},
  journal={arXiv preprint arXiv:2503.01307},
  year={2025}
}